@online{networkencyclopedia2013time,
    editor = "The Network Encyclopedia",
    title = "Time Division Multiple Access (TDMA) in The Network Encyclopedia",
    year = "2013",
    url = "http://www.thenetworkencyclopedia.com/entry/time-division-multiple-access-tdma/",
    language = "american",
    organization = "The Network Encyclopedia",
    urldate = "2015-09-08"
}

@online{networkencyclopedia2013advanced,
    editor = "The Network Encyclopedia",
    title = "Advanced Mobile Phone Service (AMPS) in The Network Encyclopedia",
    year = "2013",
    url = "http://www.thenetworkencyclopedia.com/entry/advanced-mobile-phone-service-amps/",
    language = "american",
    organization = "The Network Encyclopedia",
    urldate = "2015-09-08"
}

@article{falconer1995time,
    title={Time division multiple access methods for wireless personal communications},
    author={Falconer, David D and Adachi, Fumiyuki and Gudmundson, Bj{\"o}rn},
    journal={Communications Magazine, IEEE},http://marketingland.com/pew-61-percent-in-us-now-have-smartphones-46966}
    volume={33},
    number={1},
    pages={50--57},
    year={1995},
    publisher={IEEE}
}
@article{wirelessTradeoffs,
    title={Some Optimization Trade-offs in Wireless Network Coding},
    author={Sagduyu, Y.E. Ephremides, Anthony},
    journal={Information Sciences and Systems, 2006 40th Annual Conference on},
    pages={6--11},
    year={2006},
    publisher={IEEE}
    doi={10.1109/CISS.2006.286422}
}

@online{2013-SmartPhoneUse,
    editor = "Marketing Land",
    title={Percentage of smart phone use in the US},
    year = "2013",
    url = "http://marketingland.com/pew-61-percent-in-us-now-have-smartphones-46966 ",
    author = "Greg Sterling",
    language = "american",
    organization = "Marketing Land",
    urldate = "2015-09-13"
}

@online{2015ArduinoToolchain,
    editor = "Arduino",
    title= {Arduino Build Process},
    year = "2015",
    url = "https://www.arduino.cc/en/Hacking/BuildProcess",
    language = "english",
    organization = "Arduino",
    urldate = "2015-09-13"
}

@online{2015ArduinoRadioHead,
    editor = "Mike McCauley",
    title={RadioHead Packet Radio library for embedded microprocessors},
    year = "2015",
    url = "http://www.airspayce.com/mikem/arduino/RadioHead/",
    language = "english",
    organization = "Airspayce",
    urldate = "2015-09-13"
}

@online{NanoVM,
    editor = "Dr. Till Harbaum",
    title={The NanoVM - Java for the AVR},
    year = "2015",
    url = "http://www.harbaum.org/till/nanovm/index.shtml",
    language = "english",
    urldate = "2015-09-17"
}

@online{birthofarduino,
    author = "Justin Lahart",
    title = "Taking an Open-Source Approach to Hardware",
    year = "2009",
    url = "http://www.wsj.com/articles/SB10001424052748703499404574559960271468066",
    language = "american",
    organization = "The Wall Street Journal",
    urldate = "2015-09-18"
}

@manual{arduino2015uno,
    title = "Arduino Board Uno",
    year = "2015",
    url = "https://www.arduino.cc/en/Main/ArduinoBoardUno",
    language = "american",
    orginazation = "Arduino",
    urldate = "2015-09-16"
}

@manual{coley2014beagle,
    title = "BeagleBone Black System Reference Manual",
    author = "Gerald Coley",
    editor = "Robert P J Day",
    date = "2014-05-22",
    version = "C.1",
    language = "american",
    url = "https://github.com/beagleboard/BeagleBone-Black/blob/master/BBB_SRM.pdf",
    urldate = "2015-09-16"
}

@online{wikipedia2015raspberry,
    title = "Raspberry Pi",
    organization = "Wikipedia, the free encyclopedia",
    date = "2015-09-15",
    language = "american",
    url = "https://en.wikipedia.org/wiki/Raspberry_Pi",
    urldate = "2015-09-16"
}

% http://www.ele.uri.edu/Courses/ele436/labs/ASKnFSK.pdf

@online{ASKnFSK,
    title = "Amplitude Shift Keying \& Frequency Shift Keying",
    author = "Ramdas Kumaresan",
    date = "2015-09-24",
    language = "american",
    url = "http://www.ele.uri.edu/Courses/ele436/labs/ASKnFSK.pdf",
    urldate = "2015-09-24"
}
